@article{computational2016computational,
  title={Computational pan-genomics: status, promises and challenges},
  author={{Computational pan-genomics consortium}},
  journal={Briefings in Bioinformatics},
  volume={19},
  number={1},
  pages={118--135},
  year={2016},
  publisher={Oxford University Press}
}
